@article{tibshirani1996regression,
  title={Regression shrinkage and selection via the lasso},
  author={Tibshirani, Robert},
  journal={Journal of the Royal Statistical Society. Series B (Methodological)},
  pages={267--288},
  year={1996},
  publisher={JSTOR}
}

@article{park2008bayesian,
  title={The bayesian lasso},
  author={Park, Trevor and Casella, George},
  journal={Journal of the American Statistical Association},
  volume={103},
  number={482},
  pages={681--686},
  year={2008},
  publisher={Taylor \& Francis}
}

@article{fu1998penalized,
  title={Penalized regressions: the bridge versus the lasso},
  author={Fu, Wenjiang J},
  journal={Journal of computational and graphical statistics},
  volume={7},
  number={3},
  pages={397--416},
  year={1998},
  publisher={Taylor \& Francis}
}

@article{casella2001empirical,
  title={Empirical bayes gibbs sampling},
  author={Casella, George},
  journal={Biostatistics},
  volume={2},
  number={4},
  pages={485--500},
  year={2001},
  publisher={Biometrika Trust}
}