@article{park2008bayesian,
  title={The bayesian lasso},
  author={Park, Trevor and Casella, George},
  journal={Journal of the American Statistical Association},
  volume={103},
  number={482},
  pages={681--686},
  year={2008},
  publisher={Taylor \& Francis}
}

@article{tibshirani1996regression,
  title={Regression shrinkage and selection via the lasso},
  author={Tibshirani, Robert},
  journal={Journal of the Royal Statistical Society. Series B (Methodological)},
  pages={267--288},
  year={1996},
  publisher={JSTOR}
}

@article{seeger2008bayesian,
  title={Bayesian inference and optimal design for the sparse linear model},
  author={Seeger, Matthias W},
  journal={The Journal of Machine Learning Research},
  volume={9},
  pages={759--813},
  year={2008},
  publisher={JMLR. org}
}

@article{ishwaran2005spike,
  title={Spike and slab gene selection for multigroup microarray data},
  author={Ishwaran, Hemant and Rao, J Sunil},
  journal={Journal of the American Statistical Association},
  volume={100},
  number={471},
  pages={764--780},
  year={2005},
  publisher={Taylor \& Francis}
}

@article{chen2001atomic,
  title={Atomic decomposition by basis pursuit},
  author={Chen, Scott Shaobing and Donoho, David L and Saunders, Michael A},
  journal={SIAM review},
  volume={43},
  number={1},
  pages={129--159},
  year={2001},
  publisher={SIAM}
}

@article{kyung2010penalized,
  title={Penalized regression, standard errors, and Bayesian lassos},
  author={Kyung, Minjung and Gill, Jeff and Ghosh, Malay and Casella, George and others},
  journal={Bayesian Analysis},
  volume={5},
  number={2},
  pages={369--411},
  year={2010},
  publisher={International Society for Bayesian Analysis}
}

@article{shao1996bootstrap,
  title={Bootstrap model selection},
  author={Shao, Jun},
  journal={Journal of the American Statistical Association},
  volume={91},
  number={434},
  pages={655--665},
  year={1996},
  publisher={Taylor \& Francis}
}

@article{fan2001variable,
  title={Variable selection via nonconcave penalized likelihood and its oracle properties},
  author={Fan, Jianqing and Li, Runze},
  journal={Journal of the American statistical Association},
  volume={96},
  number={456},
  pages={1348--1360},
  year={2001},
  publisher={Taylor \& Francis}
}

@article{andrews1974scale,
  title={Scale mixtures of normal distributions},
  author={Andrews, David F and Mallows, Colin L},
  journal={Journal of the Royal Statistical Society. Series B (Methodological)},
  pages={99--102},
  year={1974},
  publisher={JSTOR}
}

@article{casella2001empirical,
  title={Empirical bayes gibbs sampling},
  author={Casella, George},
  journal={Biostatistics},
  volume={2},
  number={4},
  pages={485--500},
  year={2001},
  publisher={Biometrika Trust}
}